@misc{hue_page, title={HSL colour space}, url={https://www.pythoninformer.com/computer-science/colour/hsl-colour/}} 

@article{dataaug,
  title={A survey on image data augmentation for deep learning},
  author={Shorten, Connor and Khoshgoftaar, Taghi M},
  journal={Journal of big data},
  volume={6},
  number={1},
  pages={1--48},
  year={2019},
  publisher={Springer}
}

@inproceedings{batchnorm,
  title={Batch normalization: Accelerating deep network training by reducing internal covariate shift},
  author={Ioffe, Sergey and Szegedy, Christian},
  booktitle={International conference on machine learning},
  pages={448--456},
  year={2015},
  organization={PMLR}
}

@inproceedings{resnet,
  title={Deep residual learning for image recognition},
  author={He, Kaiming and Zhang, Xiangyu and Ren, Shaoqing and Sun, Jian},
  booktitle={Proceedings of the IEEE conference on computer vision and pattern recognition},
  pages={770--778},
  year={2016}
  }

@article{3d_sparse,
  title={Sparse 3D convolutional neural networks},
  author={Graham, Ben},
  journal={arXiv preprint arXiv:1505.02890},
  year={2015}
}

@article{sparse_neutrino,
  title={Scalable deep convolutional neural networks for sparse, locally dense liquid argon time projection chamber data},
  author={Domin{\'e}, Laura and Terao, Kazuhiro and DeepLearnPhysics Collaboration and others},
  journal={Physical Review D},
  volume={102},
  number={1},
  pages={012005},
  year={2020},
  publisher={APS}
}

@inproceedings{3d_1,
  title={Resource efficient 3d convolutional neural networks},
  author={Kopuklu, Okan and Kose, Neslihan and Gunduz, Ahmet and Rigoll, Gerhard},
  booktitle={Proceedings of the IEEE/CVF International Conference on Computer Vision Workshops},
  pages={0--0},
  year={2019}
}

@article{vit,
  title={An image is worth 16x16 words: Transformers for image recognition at scale},
  author={Dosovitskiy, Alexey and Beyer, Lucas and Kolesnikov, Alexander and Weissenborn, Dirk and Zhai, Xiaohua and Unterthiner, Thomas and Dehghani, Mostafa and Minderer, Matthias and Heigold, Georg and Gelly, Sylvain and others},
  journal={arXiv preprint arXiv:2010.11929},
  year={2020}
}

@article{transformers,
  title={Attention is all you need},
  author={Vaswani, Ashish and Shazeer, Noam and Parmar, Niki and Uszkoreit, Jakob and Jones, Llion and Gomez, Aidan N and Kaiser, {\L}ukasz and Polosukhin, Illia},
  journal={Advances in neural information processing systems},
  volume={30},
  year={2017}
}

@inproceedings{enet,
  title={Efficientnet: Rethinking model scaling for convolutional neural networks},
  author={Tan, Mingxing and Le, Quoc},
  booktitle={International conference on machine learning},
  pages={6105--6114},
  year={2019},
  organization={PMLR}
}

@article{vgg,
  title={Very deep convolutional networks for large-scale image recognition},
  author={Simonyan, Karen and Zisserman, Andrew},
  journal={arXiv preprint arXiv:1409.1556},
  year={2014}
}

@article{lenet,
  title={Backpropagation applied to handwritten zip code recognition},
  author={LeCun, Yann and Boser, Bernhard and Denker, John S and Henderson, Donnie and Howard, Richard E and Hubbard, Wayne and Jackel, Lawrence D},
  journal={Neural computation},
  volume={1},
  number={4},
  pages={541--551},
  year={1989},
  publisher={MIT Press}
}

@article{datagroup,
    author = "Zyla, P.A. and others",
    collaboration = "Particle Data Group",
    title = "{Review of Particle Physics}",
    doi = "10.1093/ptep/ptaa104",
    journal = "PTEP",
    volume = "2020",
    number = "8",
    pages = "083C01",
    year = "2020"
}

@misc{neutrino_his,
  doi = {10.48550/ARXIV.1606.08715},
  
  url = {https://arxiv.org/abs/1606.08715},
  
  author = {Rajasekaran, G},
  
  keywords = {Popular Physics (physics.pop-ph), High Energy Physics - Phenomenology (hep-ph), History and Philosophy of Physics (physics.hist-ph), FOS: Physical sciences, FOS: Physical sciences},
  
  title = {The Story of the Neutrino},
  
  publisher = {arXiv},
  
  year = {2016},
  
  copyright = {arXiv.org perpetual, non-exclusive license}
}


@book{particle_griff,
  title={Introduction to elementary particles},
  author={Griffiths, David},
  year={2020},
  publisher={John Wiley \& Sons}
}

@incollection{kamiokande,
	doi = {10.1142/9789812771971_0002},
  
	url = {https://doi.org/10.1142%2F9789812771971_0002},
  
	year = 2008,
	month = {mar},
  
	publisher = {{WORLD} {SCIENTIFIC}
},
  
	pages = {19--43},
  
	author = {Christopher W. Walter and},
  
	title = {The Super-Kamiokande Experiment},
  
	booktitle = {Neutrino Oscillations}
}

@misc{jackson,
  title={Classical electrodynamics},
  author={Jackson, John David},
  year={1999},
  publisher={American Association of Physics Teachers}
}

@article{dune,
  title={Deep underground neutrino experiment (DUNE), far detector technical design report, Volume II: DUNE physics},
  author={Abi, Babak and Acciarri, Roberto and Acero, Mario A and Adamov, Giorge and Adams, David and Adinolfi, Marco and Ahmad, Zubayer and Ahmed, Jhanzeb and Alion, Tyler and Monsalve, S Alonso and others},
  journal={arXiv preprint arXiv:2002.03005},
  year={2020}
}

@article{lsnd,
  author={Athanassopoulos, C and Auerbach, LB and Burman, RL and Cohen, I and Caldwell, DO and Dieterle, BD and Donahue, JB and Eisner, AM and Fazely, A and Federspiel, FJ and others},
  journal={arXiv preprint nucl-ex/9605003},
  year={1996}
}

@article{micro_res,
  title={Search for an Excess of Electron Neutrino Interactions in MicroBooNE Using Multiple Final State Topologies},
  author={Abratenko, P and An, R and Anthony, J and Arellano, L and Asaadi, J and Ashkenazi, A and Balasubramanian, S and Baller, B and Barnes, C and Barr, G and others},
  journal={arXiv preprint arXiv:2110.14054},
  year={2021}
}

@article{miniboo,
  title={The miniboone detector},
  author={Aguilar-Arevalo, AA and Anderson, CE and Bartoszek, LM and Bazarko, AO and Brice, SJ and Brown, BC and Bugel, L and Cao, J and Coney, L and Conrad, JM and others},
  journal={Nuclear instruments and methods in physics research section a: accelerators, spectrometers, detectors and associated equipment},
  volume={599},
  number={1},
  pages={28--46},
  year={2009},
  publisher={Elsevier}
}

@inproceedings{efficientnet,
  title={Efficientnet: Rethinking model scaling for convolutional neural networks},
  author={Tan, Mingxing and Le, Quoc},
  booktitle={International conference on machine learning},
  pages={6105--6114},
  year={2019},
  organization={PMLR}
}

@article{microboo,
  title={Design and construction of the MicroBooNE detector},
  author={Acciarri, R and Adams, C and An, R and Aparicio, A and Aponte, S and Asaadi, J and Auger, M and Ayoub, N and Bagby, L and Baller, B and others},
  journal={Journal of Instrumentation},
  volume={12},
  number={02},
  pages={P02017},
  year={2017},
  publisher={IOP Publishing}
}

@article{vit,
  title={An image is worth 16x16 words: Transformers for image recognition at scale},
  author={Dosovitskiy, Alexey and Beyer, Lucas and Kolesnikov, Alexander and Weissenborn, Dirk and Zhai, Xiaohua and Unterthiner, Thomas and Dehghani, Mostafa and Minderer, Matthias and Heigold, Georg and Gelly, Sylvain and others},
  journal={arXiv preprint arXiv:2010.11929},
  year={2020}
}

@article{transformers,
  title={Attention is all you need},
  author={Vaswani, Ashish and Shazeer, Noam and Parmar, Niki and Uszkoreit, Jakob and Jones, Llion and Gomez, Aidan N and Kaiser, {\L}ukasz and Polosukhin, Illia},
  journal={Advances in neural information processing systems},
  volume={30},
  year={2017}
}

@misc{mlops_neal, title={Machine Learning Operations (MLOps)}, url={https://nealanalytics.com/expertise/mlops/}, journal={Neal Analytics}, year={2021}, month={Jul}} 

@article{dl_lhc,
  title={Deep learning and its application to LHC physics},
  author={Guest, Dan and Cranmer, Kyle and Whiteson, Daniel},
  journal={Annual Review of Nuclear and Particle Science},
  volume={68},
  pages={161--181},
  year={2018},
  publisher={Annual Reviews}
}

@article{dl_phy,
  title={Machine and deep learning applications in particle physics},
  author={Bourilkov, Dimitri},
  journal={International Journal of Modern Physics A},
  volume={34},
  number={35},
  pages={1930019},
  year={2019},
  publisher={World Scientific}
}

@misc{mlops_nvidea, title={What is MLOps?}, url={https://blogs.nvidia.com/blog/2020/09/03/what-is-mlops/}, journal={NVIDIA Blog}, author={Merritt, Rick}, year={2022}, month={Mar}} 

@article{ml_phy,
  title={Machine learning at the energy and intensity frontiers of particle physics},
  author={Radovic, Alexander and Williams, Mike and Rousseau, David and Kagan, Michael and Bonacorsi, Daniele and Himmel, Alexander and Aurisano, Adam and Terao, Kazuhiro and Wongjirad, Taritree},
  journal={Nature},
  volume={560},
  number={7716},
  pages={41--48},
  year={2018},
  publisher={Nature Publishing Group}
}

@book{mlops_practical,
  title={Practical MLOps},
  author={Gift, Noah and Deza, Alfredo},
  year={2021},
  publisher={O'Reilly Media, Inc.}
}

@incollection{mlops_begin,
  title={Deploying in AWS},
  author={Alla, Sridhar and Adari, Suman Kalyan},
  booktitle={Beginning MLOps with MLFlow},
  pages={229--252},
  year={2021},
  publisher={Springer}
}

@misc{mlops_azure, title={¿Qué es devops? Explicación de DevOps: Microsoft&nbsp;azure}, url={https://azure.microsoft.com/es-es/overview/what-is-devops}, journal={Explicación de DevOps | Microsoft&nbsp;Azure}} 

@article{dl_nature,
  title={Deep learning},
  author={LeCun, Yann and Bengio, Yoshua and Hinton, Geoffrey},
  journal={nature},
  volume={521},
  number={7553},
  pages={436--444},
  year={2015},
  publisher={Nature Publishing Group}
}

@article{korean_dl,
  title={A review of deep learning research},
  author={Mu, Ruihui and Zeng, Xiaoqin},
  journal={KSII Transactions on Internet and Information Systems (TIIS)},
  volume={13},
  number={4},
  pages={1738--1764},
  year={2019},
  publisher={Korean Society for Internet Information}
}

@book{clean,
  title={Clean code: a handbook of agile software craftsmanship},
  author={Martin, Robert C},
  year={2009},
  publisher={Pearson Education}
}

@article{supernova,
  title = {The evolution and explosion of massive stars},
  author = {Woosley, S. E. and Heger, A. and Weaver, T. A.},
  journal = {Rev. Mod. Phys.},
  volume = {74},
  issue = {4},
  pages = {1015--1071},
  numpages = {0},
  year = {2002},
  month = {Nov},
  publisher = {American Physical Society},
  doi = {10.1103/RevModPhys.74.1015},
  url = {https://link.aps.org/doi/10.1103/RevModPhys.74.1015}
}


@article{sbnd,
  title={The short-baseline neutrino program at Fermilab},
  author={Machado, Pedro AN and Palamara, Ornella and Schmitz, David W},
  journal={Annual Review of Nuclear and Particle Science},
  volume={69},
  pages={363--387},
  year={2019},
  publisher={Annual Reviews}
}

@techreport{rubbia1977liquid,
  title={The liquid-argon time projection chamber: a new concept for neutrino detectors},
  author={Rubbia, Carlo},
  year={1977}
}

@article{oscilation,
  title={NuFIT: Three-Flavour Global Analyses of Neutrino Oscillation Experiments},
  author={Gonzalez-Garcia, Maria Concepcion and Maltoni, Michele and Schwetz, Thomas},
  journal={Universe},
  volume={7},
  number={12},
  pages={459},
  year={2021},
  publisher={Multidisciplinary Digital Publishing Institute}
}

@online{sbnd_page,
  title = {Fermilab Short-Baseline Near Detector},
  url = {https://sbn-nd.fnal.gov/},
  urldate = {2022-03-27}
}

@article{lar_review,
  title={Review of liquid argon detector technologies in the neutrino sector},
  author={Majumdar, Krishanu and Mavrokoridis, Konstantinos},
  journal={Applied Sciences},
  volume={11},
  number={6},
  pages={2455},
  year={2021},
  publisher={Multidisciplinary Digital Publishing Institute}
}

@book{dl_book,
  title={Deep learning},
  author={Goodfellow, Ian and Bengio, Yoshua and Courville, Aaron},
  year={2016},
  publisher={MIT press}
}

@misc{hier,
  doi = {10.48550/ARXIV.2204.06125},
  
  url = {https://arxiv.org/abs/2204.06125},
  
  author = {Ramesh, Aditya and Dhariwal, Prafulla and Nichol, Alex and Chu, Casey and Chen, Mark},
  
  keywords = {Computer Vision and Pattern Recognition (cs.CV), FOS: Computer and information sciences, FOS: Computer and information sciences},
  
  title = {Hierarchical Text-Conditional Image Generation with CLIP Latents},
  
  publisher = {arXiv},
  
  year = {2022},
  
  copyright = {Creative Commons Attribution 4.0 International}
}
@misc{mlp, title={File:multilayerperceptron.svg}, url={https://commons.wikimedia.org/wiki/File:MultiLayerPerceptron.svg}, journal={Wikimedia Commons}} 
@article{codex,
  title={Evaluating large language models trained on code},
  author={Chen, Mark and Tworek, Jerry and Jun, Heewoo and Yuan, Qiming and Pinto, Henrique Ponde de Oliveira and Kaplan, Jared and Edwards, Harri and Burda, Yuri and Joseph, Nicholas and Brockman, Greg and others},
  journal={arXiv preprint arXiv:2107.03374},
  year={2021}
}


@article{neutrino_mass,
	doi = {10.1088/1742-6596/718/2/022013},
  
	url = {https://doi.org/10.1088%2F1742-6596%2F718%2F2%2F022013},
  
	year = 2016,
	month = {may},
  
	publisher = {{IOP} Publishing},
  
	volume = {718},
  
	pages = {022013},
  
	author = {Susanne Mertens},
  
	title = {Direct Neutrino Mass Experiments},
  
	journal = {Journal of Physics: Conference Series}
}